/home/mm/SoilR/Bibliography/TEE-clean.bib